
@misc{canada_flying_2020,
	title = {Flying your drone safely and legally},
	url = {https://tc.canada.ca/en/aviation/drone-safety/learn-rules-you-fly-your-drone/flying-your-drone-safely-legally},
	abstract = {How to fly a drone legally and safely in Canada},
	language = {en-CA},
	urldate = {2022-10-06},
	journal = {AARV 13864973},
	author = {Canada, Transport},
	month = sep,
	year = {2020},
	note = {Publisher: AARV},
	file = {Snapshot:C\:\\Users\\User\\Zotero\\storage\\PMHCT43F\\flying-your-drone-safely-legally.html:text/html},
}

@misc{canada_find_2021,
	title = {Find your category of drone operation},
	url = {https://tc.canada.ca/en/aviation/drone-safety/learn-rules-you-fly-your-drone/find-your-category-drone-operation},
	abstract = {Categories of operations for drones},
	language = {en-CA},
	urldate = {2022-10-06},
	journal = {AARV 13921205},
	author = {Canada, Transport},
	month = feb,
	year = {2021},
	note = {Publisher: AARV},
	file = {Snapshot:C\:\\Users\\User\\Zotero\\storage\\EIKDI6NE\\find-your-category-drone-operation.html:text/html},
}
